<record><leader>00000cas a22000007a 4500</leader><controlfield tag="001">14758597</controlfield><controlfield tag="008">861117d19521966paudn ne      0    0eng d</controlfield><datafield ind1=" " ind2=" " tag="010"><subfield code="a">sn 87078413 </subfield></datafield><datafield ind1=" " ind2=" " tag="040"><subfield code="a">NPH</subfield><subfield code="b">eng</subfield><subfield code="c">NPH</subfield><subfield code="d">OCLCQ</subfield></datafield><datafield ind1=" " ind2=" " tag="042"><subfield code="a">msc</subfield></datafield><datafield ind1="0" ind2="4" tag="245"><subfield code="a">The Levittown times.</subfield></datafield><datafield ind1="1" ind2="7" tag="246"><subfield code="a">Bristol courier and Levittown times</subfield></datafield><datafield ind1=" " ind2=" " tag="260"><subfield code="a">Levittown, Pa. :</subfield><subfield code="b">Ira L. Joachim,</subfield><subfield code="c">1952-1966.</subfield></datafield><datafield ind1=" " ind2=" " tag="300"><subfield code="a">v. :</subfield><subfield code="b">ill.</subfield></datafield><datafield ind1=" " ind2=" " tag="310"><subfield code="a">Daily (except Sun., Christmas, &amp; July 4)</subfield></datafield><datafield ind1="0" ind2=" " tag="362"><subfield code="a">Vol. 1, no. 1 (June 19, 1952)-v. 13, no. 70 (Jan. 1, 1966).</subfield></datafield><datafield ind1=" " ind2=" " tag="500"><subfield code="a">Prospectus issued: &lt;May 28, 1953&gt;.</subfield></datafield><datafield ind1=" " ind2=" " tag="500"><subfield code="a">Publisher: Bristol Print Co., 1954.</subfield></datafield><datafield ind1=" " ind2=" " tag="752"><subfield code="a">United States</subfield><subfield code="b">Pennsylvania</subfield><subfield code="c">Bucks</subfield><subfield code="d">Levittown.</subfield></datafield><datafield ind1=" " ind2=" " tag="752"><subfield code="a">United States</subfield><subfield code="b">Pennsylvania</subfield><subfield code="c">Bucks</subfield><subfield code="d">Bristol.</subfield></datafield><datafield ind1="0" ind2=" " tag="775"><subfield code="t">Bristol daily courier</subfield><subfield code="w">(DLC)sn 89077547</subfield></datafield><datafield ind1="0" ind2="5" tag="780"><subfield code="t">Town &amp; village</subfield><subfield code="w">(DLC)sn 90069047</subfield></datafield><datafield ind1="0" ind2="0" tag="785"><subfield code="t">Bucks County times</subfield><subfield code="w">(DLC)sn 87078420</subfield></datafield></record>